%YAML 1.1
%TAG !u! tag:unity3d.com,2011:
--- !u!29 &1
OcclusionCullingSettings:
  m_ObjectHideFlags: 0
  serializedVersion: 2
  m_OcclusionBakeSettings:
    smallestOccluder: 5
    smallestHole: 0.25
    backfaceThreshold: 100
  m_SceneGUID: 00000000000000000000000000000000
  m_OcclusionCullingData: {fileID: 0}
--- !u!104 &2
RenderSettings:
  m_ObjectHideFlags: 0
  serializedVersion: 9
  m_Fog: 0
  m_FogColor: {r: 0.5, g: 0.5, b: 0.5, a: 1}
  m_FogMode: 3
  m_FogDensity: 0.01
  m_LinearFogStart: 0
  m_LinearFogEnd: 300
  m_AmbientSkyColor: {r: 0.212, g: 0.227, b: 0.259, a: 1}
  m_AmbientEquatorColor: {r: 0.114, g: 0.125, b: 0.133, a: 1}
  m_AmbientGroundColor: {r: 0.047, g: 0.043, b: 0.035, a: 1}
  m_AmbientIntensity: 1
  m_AmbientMode: 3
  m_SubtractiveShadowColor: {r: 0.42, g: 0.478, b: 0.627, a: 1}
  m_SkyboxMaterial: {fileID: 0}
  m_HaloStrength: 0.5
  m_FlareStrength: 1
  m_FlareFadeSpeed: 3
  m_HaloTexture: {fileID: 0}
  m_SpotCookie: {fileID: 10001, guid: 0000000000000000e000000000000000, type: 0}
  m_DefaultReflectionMode: 0
  m_DefaultReflectionResolution: 128
  m_ReflectionBounces: 1
  m_ReflectionIntensity: 1
  m_CustomReflection: {fileID: 0}
  m_Sun: {fileID: 0}
  m_IndirectSpecularColor: {r: 0, g: 0, b: 0, a: 1}
  m_UseRadianceAmbientProbe: 0
--- !u!157 &3
LightmapSettings:
  m_ObjectHideFlags: 0
  serializedVersion: 11
  m_GIWorkflowMode: 1
  m_GISettings:
    serializedVersion: 2
    m_BounceScale: 1
    m_IndirectOutputScale: 1
    m_AlbedoBoost: 1
    m_EnvironmentLightingMode: 0
    m_EnableBakedLightmaps: 0
    m_EnableRealtimeLightmaps: 0
  m_LightmapEditorSettings:
    serializedVersion: 12
    m_Resolution: 2
    m_BakeResolution: 40
    m_AtlasSize: 1024
    m_AO: 0
    m_AOMaxDistance: 1
    m_CompAOExponent: 1
    m_CompAOExponentDirect: 0
    m_ExtractAmbientOcclusion: 0
    m_Padding: 2
    m_LightmapParameters: {fileID: 0}
    m_LightmapsBakeMode: 1
    m_TextureCompression: 1
    m_FinalGather: 0
    m_FinalGatherFiltering: 1
    m_FinalGatherRayCount: 256
    m_ReflectionCompression: 2
    m_MixedBakeMode: 2
    m_BakeBackend: 0
    m_PVRSampling: 1
    m_PVRDirectSampleCount: 32
    m_PVRSampleCount: 500
    m_PVRBounces: 2
    m_PVREnvironmentSampleCount: 500
    m_PVREnvironmentReferencePointCount: 2048
    m_PVRFilteringMode: 2
    m_PVRDenoiserTypeDirect: 0
    m_PVRDenoiserTypeIndirect: 0
    m_PVRDenoiserTypeAO: 0
    m_PVRFilterTypeDirect: 0
    m_PVRFilterTypeIndirect: 0
    m_PVRFilterTypeAO: 0
    m_PVREnvironmentMIS: 0
    m_PVRCulling: 1
    m_PVRFilteringGaussRadiusDirect: 1
    m_PVRFilteringGaussRadiusIndirect: 5
    m_PVRFilteringGaussRadiusAO: 2
    m_PVRFilteringAtrousPositionSigmaDirect: 0.5
    m_PVRFilteringAtrousPositionSigmaIndirect: 2
    m_PVRFilteringAtrousPositionSigmaAO: 1
    m_ExportTrainingData: 0
    m_TrainingDataDestination: TrainingData
    m_LightProbeSampleCountMultiplier: 4
  m_LightingDataAsset: {fileID: 0}
  m_UseShadowmask: 1
--- !u!196 &4
NavMeshSettings:
  serializedVersion: 2
  m_ObjectHideFlags: 0
  m_BuildSettings:
    serializedVersion: 2
    agentTypeID: 0
    agentRadius: 0.5
    agentHeight: 2
    agentSlope: 45
    agentClimb: 0.4
    ledgeDropHeight: 0
    maxJumpAcrossDistance: 0
    minRegionArea: 2
    manualCellSize: 0
    cellSize: 0.16666667
    manualTileSize: 0
    tileSize: 256
    accuratePlacement: 0
    debug:
      m_Flags: 0
  m_NavMeshData: {fileID: 0}
--- !u!212 &120834811 stripped
SpriteRenderer:
  m_CorrespondingSourceObject: {fileID: 8651959873898095781, guid: b4c77bd149ec9024d8fbd6f72a887a92,
    type: 3}
  m_PrefabInstance: {fileID: 3896481646444138587}
  m_PrefabAsset: {fileID: 0}
--- !u!1 &397637700
GameObject:
  m_ObjectHideFlags: 0
  m_CorrespondingSourceObject: {fileID: 0}
  m_PrefabInstance: {fileID: 0}
  m_PrefabAsset: {fileID: 0}
  serializedVersion: 6
  m_Component:
  - component: {fileID: 397637702}
  - component: {fileID: 397637701}
  - component: {fileID: 397637703}
  - component: {fileID: 397637705}
  - component: {fileID: 397637704}
  m_Layer: 0
  m_Name: Enemy
  m_TagString: Untagged
  m_Icon: {fileID: 0}
  m_NavMeshLayer: 0
  m_StaticEditorFlags: 0
  m_IsActive: 1
--- !u!212 &397637701
SpriteRenderer:
  m_ObjectHideFlags: 0
  m_CorrespondingSourceObject: {fileID: 0}
  m_PrefabInstance: {fileID: 0}
  m_PrefabAsset: {fileID: 0}
  m_GameObject: {fileID: 397637700}
  m_Enabled: 1
  m_CastShadows: 0
  m_ReceiveShadows: 0
  m_DynamicOccludee: 1
  m_MotionVectors: 1
  m_LightProbeUsage: 1
  m_ReflectionProbeUsage: 1
  m_RayTracingMode: 0
  m_RenderingLayerMask: 1
  m_RendererPriority: 0
  m_Materials:
  - {fileID: 10754, guid: 0000000000000000f000000000000000, type: 0}
  m_StaticBatchInfo:
    firstSubMesh: 0
    subMeshCount: 0
  m_StaticBatchRoot: {fileID: 0}
  m_ProbeAnchor: {fileID: 0}
  m_LightProbeVolumeOverride: {fileID: 0}
  m_ScaleInLightmap: 1
  m_ReceiveGI: 1
  m_PreserveUVs: 0
  m_IgnoreNormalsForChartDetection: 0
  m_ImportantGI: 0
  m_StitchLightmapSeams: 1
  m_SelectedEditorRenderState: 0
  m_MinimumChartSize: 4
  m_AutoUVMaxDistance: 0.5
  m_AutoUVMaxAngle: 89
  m_LightmapParameters: {fileID: 0}
  m_SortingLayerID: 0
  m_SortingLayer: 0
  m_SortingOrder: 0
  m_Sprite: {fileID: 10911, guid: 0000000000000000f000000000000000, type: 0}
  m_Color: {r: 1, g: 1, b: 1, a: 1}
  m_FlipX: 0
  m_FlipY: 0
  m_DrawMode: 0
  m_Size: {x: 0.16, y: 0.16}
  m_AdaptiveModeThreshold: 0.5
  m_SpriteTileMode: 0
  m_WasSpriteAssigned: 1
  m_MaskInteraction: 0
  m_SpriteSortPoint: 0
--- !u!4 &397637702
Transform:
  m_ObjectHideFlags: 0
  m_CorrespondingSourceObject: {fileID: 0}
  m_PrefabInstance: {fileID: 0}
  m_PrefabAsset: {fileID: 0}
  m_GameObject: {fileID: 397637700}
  m_LocalRotation: {x: 0, y: 0, z: 0, w: 1}
  m_LocalPosition: {x: 6.83, y: 2.84, z: 0}
  m_LocalScale: {x: 5, y: 5, z: 1}
  m_Children: []
  m_Father: {fileID: 0}
  m_RootOrder: 5
  m_LocalEulerAnglesHint: {x: 0, y: 0, z: 0}
--- !u!61 &397637703
BoxCollider2D:
  m_ObjectHideFlags: 0
  m_CorrespondingSourceObject: {fileID: 0}
  m_PrefabInstance: {fileID: 0}
  m_PrefabAsset: {fileID: 0}
  m_GameObject: {fileID: 397637700}
  m_Enabled: 1
  m_Density: 1
  m_Material: {fileID: 0}
  m_IsTrigger: 0
  m_UsedByEffector: 0
  m_UsedByComposite: 0
  m_Offset: {x: 0, y: 0}
  m_SpriteTilingProperty:
    border: {x: 0.049999997, y: 0.049999997, z: 0.049999997, w: 0.049999997}
    pivot: {x: 0.5, y: 0.5}
    oldSize: {x: 0.16, y: 0.16}
    newSize: {x: 0.16, y: 0.16}
    adaptiveTilingThreshold: 0.5
    drawMode: 0
    adaptiveTiling: 0
  m_AutoTiling: 0
  serializedVersion: 2
  m_Size: {x: 0.16, y: 0.16}
  m_EdgeRadius: 0
--- !u!114 &397637704
MonoBehaviour:
  m_ObjectHideFlags: 0
  m_CorrespondingSourceObject: {fileID: 0}
  m_PrefabInstance: {fileID: 0}
  m_PrefabAsset: {fileID: 0}
  m_GameObject: {fileID: 397637700}
  m_Enabled: 1
  m_EditorHideFlags: 0
  m_Script: {fileID: 11500000, guid: 610993b77a2563241b44d249a04a0042, type: 3}
  m_Name: 
  m_EditorClassIdentifier: 
  typeBody: 0
  playerInfomation: {fileID: 397637705}
  bonusDameWeapon: {fileID: 0}
--- !u!114 &397637705
MonoBehaviour:
  m_ObjectHideFlags: 0
  m_CorrespondingSourceObject: {fileID: 0}
  m_PrefabInstance: {fileID: 0}
  m_PrefabAsset: {fileID: 0}
  m_GameObject: {fileID: 397637700}
  m_Enabled: 1
  m_EditorHideFlags: 0
  m_Script: {fileID: 11500000, guid: 0fa8a1c4c6602874ea5370fb87bf6b44, type: 3}
  m_Name: 
  m_EditorClassIdentifier: 
  Heath: 1000
  attrack: 20
  playerSkinRender:
    head: {fileID: 0}
    body_Up: {fileID: 0}
    body_Lower: {fileID: 0}
    arm_Left_Upper: {fileID: 0}
    arm_Right_Upper: {fileID: 0}
    arm_Left_Lower: {fileID: 0}
    arm_Right_Lower: {fileID: 0}
    Leg_Left_Upper: {fileID: 0}
    Leg_Right_Upper: {fileID: 0}
    Leg_Left_Lower: {fileID: 0}
    Leg_Right_Lower: {fileID: 0}
  indexSkin: 0
  isSkin: 0
--- !u!1 &416833791
GameObject:
  m_ObjectHideFlags: 0
  m_CorrespondingSourceObject: {fileID: 0}
  m_PrefabInstance: {fileID: 0}
  m_PrefabAsset: {fileID: 0}
  serializedVersion: 6
  m_Component:
  - component: {fileID: 416833793}
  - component: {fileID: 416833792}
  m_Layer: 0
  m_Name: Data_Skin
  m_TagString: Untagged
  m_Icon: {fileID: 0}
  m_NavMeshLayer: 0
  m_StaticEditorFlags: 0
  m_IsActive: 1
--- !u!114 &416833792
MonoBehaviour:
  m_ObjectHideFlags: 0
  m_CorrespondingSourceObject: {fileID: 0}
  m_PrefabInstance: {fileID: 0}
  m_PrefabAsset: {fileID: 0}
  m_GameObject: {fileID: 416833791}
  m_Enabled: 1
  m_EditorHideFlags: 0
  m_Script: {fileID: 11500000, guid: fb09901959b3524499e84ce04bebe1f8, type: 3}
  m_Name: 
  m_EditorClassIdentifier: 
  playerSkin:
  - name_Skin: Hulk
    head: {fileID: 21300000, guid: dd887a1349252b74185de9b599d4e77e, type: 3}
    body_Up: {fileID: 21300000, guid: fe3987e6e8fe90045a75ec7292230521, type: 3}
    body_Lower: {fileID: 21300000, guid: 144354acc1439034881f24e061dd9cd8, type: 3}
    arm_Left_Upper: {fileID: 21300000, guid: 1bc9ef4ba726342448b0e4d1a9f13479, type: 3}
    arm_Right_Upper: {fileID: 21300000, guid: 1bc9ef4ba726342448b0e4d1a9f13479, type: 3}
    arm_Left_Lower: {fileID: 21300000, guid: 1bc9ef4ba726342448b0e4d1a9f13479, type: 3}
    arm_Right_Lower: {fileID: 21300000, guid: 1bc9ef4ba726342448b0e4d1a9f13479, type: 3}
    Leg_Left_Upper: {fileID: 21300000, guid: 3c60bc584e2020d4ca3a6bf0da0417b0, type: 3}
    Leg_Right_Upper: {fileID: 21300000, guid: 3c60bc584e2020d4ca3a6bf0da0417b0, type: 3}
    Leg_Left_Lower: {fileID: 21300000, guid: 1bc9ef4ba726342448b0e4d1a9f13479, type: 3}
    Leg_Right_Lower: {fileID: 21300000, guid: 1bc9ef4ba726342448b0e4d1a9f13479, type: 3}
  - name_Skin: BatMan
    head: {fileID: 21300000, guid: a37e4d7e52438b040a54abd1aa95e190, type: 3}
    body_Up: {fileID: 21300000, guid: 30675f99e2e206a43966216f2932cd5c, type: 3}
    body_Lower: {fileID: 21300000, guid: f6b1e21f882cd2945b8363b52e37dd5e, type: 3}
    arm_Left_Upper: {fileID: 21300000, guid: 3e7f248394a077041825755ba28570d2, type: 3}
    arm_Right_Upper: {fileID: 21300000, guid: 3e7f248394a077041825755ba28570d2, type: 3}
    arm_Left_Lower: {fileID: 21300000, guid: f168ab3ba521c9545b3679f15fbd1447, type: 3}
    arm_Right_Lower: {fileID: 21300000, guid: f168ab3ba521c9545b3679f15fbd1447, type: 3}
    Leg_Left_Upper: {fileID: 21300000, guid: 6ae565421b41e86489f994e83d957544, type: 3}
    Leg_Right_Upper: {fileID: 21300000, guid: 6ae565421b41e86489f994e83d957544, type: 3}
    Leg_Left_Lower: {fileID: 21300000, guid: f168ab3ba521c9545b3679f15fbd1447, type: 3}
    Leg_Right_Lower: {fileID: 21300000, guid: f168ab3ba521c9545b3679f15fbd1447, type: 3}
  - name_Skin: Captain
    head: {fileID: 21300000, guid: a7d0859a2ab23414393cf3ebdfa9cebf, type: 3}
    body_Up: {fileID: 21300000, guid: 3fc0d3a86479c1f4784619e89ae99cb3, type: 3}
    body_Lower: {fileID: 21300000, guid: 843721c80d0619c41a72d4da5d509385, type: 3}
    arm_Left_Upper: {fileID: 21300000, guid: 58945d78726cf724c90b16617854df62, type: 3}
    arm_Right_Upper: {fileID: 21300000, guid: 58945d78726cf724c90b16617854df62, type: 3}
    arm_Left_Lower: {fileID: 21300000, guid: d2426dd535215ac428eca16ff59b880f, type: 3}
    arm_Right_Lower: {fileID: 21300000, guid: d2426dd535215ac428eca16ff59b880f, type: 3}
    Leg_Left_Upper: {fileID: 21300000, guid: 4a90e86c1a85601469a0b761262bdc26, type: 3}
    Leg_Right_Upper: {fileID: 21300000, guid: 4a90e86c1a85601469a0b761262bdc26, type: 3}
    Leg_Left_Lower: {fileID: 21300000, guid: 9b4f99e3bd0da1646a645a25a5bd4fbb, type: 3}
    Leg_Right_Lower: {fileID: 21300000, guid: 9b4f99e3bd0da1646a645a25a5bd4fbb, type: 3}
  - name_Skin: Goku
    head: {fileID: 21300000, guid: 5fd592decd050a64da5a54b47e9915c6, type: 3}
    body_Up: {fileID: 21300000, guid: 5d759e6c61730754291570e0e3818f5e, type: 3}
    body_Lower: {fileID: 21300000, guid: fcf2ab15fa0d0fd4d96fb3e0917f3f11, type: 3}
    arm_Left_Upper: {fileID: 21300000, guid: df5425865ad2dad478d91f7239f151f1, type: 3}
    arm_Right_Upper: {fileID: 21300000, guid: df5425865ad2dad478d91f7239f151f1, type: 3}
    arm_Left_Lower: {fileID: 21300000, guid: 7ef161b4b2633d64db57b1124fb9d32e, type: 3}
    arm_Right_Lower: {fileID: 21300000, guid: 7ef161b4b2633d64db57b1124fb9d32e, type: 3}
    Leg_Left_Upper: {fileID: 21300000, guid: 6ea521ae10e26104caffc670f8f51ac7, type: 3}
    Leg_Right_Upper: {fileID: 21300000, guid: 6ea521ae10e26104caffc670f8f51ac7, type: 3}
    Leg_Left_Lower: {fileID: 21300000, guid: ad9d202583122224eb2ad41fe0594d0c, type: 3}
    Leg_Right_Lower: {fileID: 21300000, guid: ad9d202583122224eb2ad41fe0594d0c, type: 3}
  - name_Skin: Iron_Man
    head: {fileID: 21300000, guid: 52a5a788d382c474d8219957e0ed0d85, type: 3}
    body_Up: {fileID: 21300000, guid: 63629a3066464ff498a86a0f228bb1f8, type: 3}
    body_Lower: {fileID: 21300000, guid: 7ec84c448e91d7642925bd20098c7c82, type: 3}
    arm_Left_Upper: {fileID: 21300000, guid: 80e910620ea015e4f9e17dcec8ae8506, type: 3}
    arm_Right_Upper: {fileID: 21300000, guid: 582ce64a59f67a443aaf3d9e35cbc8bd, type: 3}
    arm_Left_Lower: {fileID: 21300000, guid: 582ce64a59f67a443aaf3d9e35cbc8bd, type: 3}
    arm_Right_Lower: {fileID: 21300000, guid: 582ce64a59f67a443aaf3d9e35cbc8bd, type: 3}
    Leg_Left_Upper: {fileID: 21300000, guid: 22b994271235ab54baa5e85fa753c4f1, type: 3}
    Leg_Right_Upper: {fileID: 21300000, guid: 22b994271235ab54baa5e85fa753c4f1, type: 3}
    Leg_Left_Lower: {fileID: 21300000, guid: bd6ac46a5df7724429c7e687f2e9ee45, type: 3}
    Leg_Right_Lower: {fileID: 21300000, guid: bd6ac46a5df7724429c7e687f2e9ee45, type: 3}
--- !u!4 &416833793
Transform:
  m_ObjectHideFlags: 0
  m_CorrespondingSourceObject: {fileID: 0}
  m_PrefabInstance: {fileID: 0}
  m_PrefabAsset: {fileID: 0}
  m_GameObject: {fileID: 416833791}
  m_LocalRotation: {x: 0, y: 0, z: 0, w: 1}
  m_LocalPosition: {x: 0, y: 0, z: 0}
  m_LocalScale: {x: 1, y: 1, z: 1}
  m_Children: []
  m_Father: {fileID: 0}
  m_RootOrder: 7
  m_LocalEulerAnglesHint: {x: 0, y: 0, z: 0}
--- !u!1 &418809709
GameObject:
  m_ObjectHideFlags: 0
  m_CorrespondingSourceObject: {fileID: 0}
  m_PrefabInstance: {fileID: 0}
  m_PrefabAsset: {fileID: 0}
  serializedVersion: 6
  m_Component:
  - component: {fileID: 418809712}
  - component: {fileID: 418809711}
  - component: {fileID: 418809710}
  - component: {fileID: 418809713}
  m_Layer: 0
  m_Name: BG
  m_TagString: GROUND
  m_Icon: {fileID: 0}
  m_NavMeshLayer: 0
  m_StaticEditorFlags: 0
  m_IsActive: 1
--- !u!61 &418809710
BoxCollider2D:
  m_ObjectHideFlags: 0
  m_CorrespondingSourceObject: {fileID: 0}
  m_PrefabInstance: {fileID: 0}
  m_PrefabAsset: {fileID: 0}
  m_GameObject: {fileID: 418809709}
  m_Enabled: 1
  m_Density: 1
  m_Material: {fileID: 0}
  m_IsTrigger: 0
  m_UsedByEffector: 0
  m_UsedByComposite: 0
  m_Offset: {x: 0, y: 0}
  m_SpriteTilingProperty:
    border: {x: 0.049999997, y: 0.049999997, z: 0.049999997, w: 0.049999997}
    pivot: {x: 0.5, y: 0.5}
    oldSize: {x: 0.16, y: 0.16}
    newSize: {x: 0.16, y: 0.16}
    adaptiveTilingThreshold: 0.5
    drawMode: 0
    adaptiveTiling: 0
  m_AutoTiling: 0
  serializedVersion: 2
  m_Size: {x: 0.16, y: 0.16}
  m_EdgeRadius: 0
--- !u!212 &418809711
SpriteRenderer:
  m_ObjectHideFlags: 0
  m_CorrespondingSourceObject: {fileID: 0}
  m_PrefabInstance: {fileID: 0}
  m_PrefabAsset: {fileID: 0}
  m_GameObject: {fileID: 418809709}
  m_Enabled: 1
  m_CastShadows: 0
  m_ReceiveShadows: 0
  m_DynamicOccludee: 1
  m_MotionVectors: 1
  m_LightProbeUsage: 1
  m_ReflectionProbeUsage: 1
  m_RayTracingMode: 0
  m_RenderingLayerMask: 1
  m_RendererPriority: 0
  m_Materials:
  - {fileID: 10754, guid: 0000000000000000f000000000000000, type: 0}
  m_StaticBatchInfo:
    firstSubMesh: 0
    subMeshCount: 0
  m_StaticBatchRoot: {fileID: 0}
  m_ProbeAnchor: {fileID: 0}
  m_LightProbeVolumeOverride: {fileID: 0}
  m_ScaleInLightmap: 1
  m_ReceiveGI: 1
  m_PreserveUVs: 0
  m_IgnoreNormalsForChartDetection: 0
  m_ImportantGI: 0
  m_StitchLightmapSeams: 1
  m_SelectedEditorRenderState: 0
  m_MinimumChartSize: 4
  m_AutoUVMaxDistance: 0.5
  m_AutoUVMaxAngle: 89
  m_LightmapParameters: {fileID: 0}
  m_SortingLayerID: 0
  m_SortingLayer: 0
  m_SortingOrder: 0
  m_Sprite: {fileID: 10905, guid: 0000000000000000f000000000000000, type: 0}
  m_Color: {r: 1, g: 1, b: 1, a: 1}
  m_FlipX: 0
  m_FlipY: 0
  m_DrawMode: 0
  m_Size: {x: 0.16, y: 0.16}
  m_AdaptiveModeThreshold: 0.5
  m_SpriteTileMode: 0
  m_WasSpriteAssigned: 1
  m_MaskInteraction: 0
  m_SpriteSortPoint: 0
--- !u!4 &418809712
Transform:
  m_ObjectHideFlags: 0
  m_CorrespondingSourceObject: {fileID: 0}
  m_PrefabInstance: {fileID: 0}
  m_PrefabAsset: {fileID: 0}
  m_GameObject: {fileID: 418809709}
  m_LocalRotation: {x: 0, y: 0, z: 0, w: 1}
  m_LocalPosition: {x: -0.5, y: -1.78, z: -1.621982}
  m_LocalScale: {x: 667.5, y: 1, z: 1}
  m_Children: []
  m_Father: {fileID: 0}
  m_RootOrder: 4
  m_LocalEulerAnglesHint: {x: 0, y: 0, z: 0}
--- !u!50 &418809713
Rigidbody2D:
  serializedVersion: 4
  m_ObjectHideFlags: 0
  m_CorrespondingSourceObject: {fileID: 0}
  m_PrefabInstance: {fileID: 0}
  m_PrefabAsset: {fileID: 0}
  m_GameObject: {fileID: 418809709}
  m_BodyType: 1
  m_Simulated: 1
  m_UseFullKinematicContacts: 0
  m_UseAutoMass: 0
  m_Mass: 1
  m_LinearDrag: 0
  m_AngularDrag: 0.05
  m_GravityScale: 1
  m_Material: {fileID: 0}
  m_Interpolate: 0
  m_SleepingMode: 1
  m_CollisionDetection: 0
  m_Constraints: 0
--- !u!212 &434294026 stripped
SpriteRenderer:
  m_CorrespondingSourceObject: {fileID: 5968099523341945809, guid: b4c77bd149ec9024d8fbd6f72a887a92,
    type: 3}
  m_PrefabInstance: {fileID: 3896481646444138587}
  m_PrefabAsset: {fileID: 0}
--- !u!1 &519420028
GameObject:
  m_ObjectHideFlags: 0
  m_CorrespondingSourceObject: {fileID: 0}
  m_PrefabInstance: {fileID: 0}
  m_PrefabAsset: {fileID: 0}
  serializedVersion: 6
  m_Component:
  - component: {fileID: 519420032}
  - component: {fileID: 519420031}
  - component: {fileID: 519420029}
  - component: {fileID: 519420030}
  m_Layer: 0
  m_Name: Main Camera
  m_TagString: MainCamera
  m_Icon: {fileID: 0}
  m_NavMeshLayer: 0
  m_StaticEditorFlags: 0
  m_IsActive: 1
--- !u!81 &519420029
AudioListener:
  m_ObjectHideFlags: 0
  m_CorrespondingSourceObject: {fileID: 0}
  m_PrefabInstance: {fileID: 0}
  m_PrefabAsset: {fileID: 0}
  m_GameObject: {fileID: 519420028}
  m_Enabled: 1
--- !u!114 &519420030
MonoBehaviour:
  m_ObjectHideFlags: 0
  m_CorrespondingSourceObject: {fileID: 0}
  m_PrefabInstance: {fileID: 0}
  m_PrefabAsset: {fileID: 0}
  m_GameObject: {fileID: 519420028}
  m_Enabled: 1
  m_EditorHideFlags: 0
  m_Script: {fileID: 11500000, guid: ddc0b8af3aca0234c92b9dd6239394c4, type: 3}
  m_Name: 
  m_EditorClassIdentifier: 
  offsetMin: 1
  offsetMax: 75
  player: {fileID: 1144383188}
  player2: {fileID: 1089139145}
  xpos: 0
  ypos: 0
  delay: 0.25
  cam: {fileID: 519420031}
  Enemy: {fileID: 397637702}
  distance: 0
  cameraLimit:
    minLimitX: -35
    maxLimitX: 35
    minLimitY: -7
    maxLimitY: 7
--- !u!20 &519420031
Camera:
  m_ObjectHideFlags: 0
  m_CorrespondingSourceObject: {fileID: 0}
  m_PrefabInstance: {fileID: 0}
  m_PrefabAsset: {fileID: 0}
  m_GameObject: {fileID: 519420028}
  m_Enabled: 1
  serializedVersion: 2
  m_ClearFlags: 1
  m_BackGroundColor: {r: 0.22076362, g: 0.28533038, b: 0.38679248, a: 0}
  m_projectionMatrixMode: 1
  m_GateFitMode: 2
  m_FOVAxisMode: 0
  m_SensorSize: {x: 36, y: 24}
  m_LensShift: {x: 0, y: 0}
  m_FocalLength: 50
  m_NormalizedViewPortRect:
    serializedVersion: 2
    x: 0
    y: 0
    width: 1
    height: 1
  near clip plane: 0.3
  far clip plane: 1000
  field of view: 60
  orthographic: 1
  orthographic size: 20
  m_Depth: -1
  m_CullingMask:
    serializedVersion: 2
    m_Bits: 4294967295
  m_RenderingPath: -1
  m_TargetTexture: {fileID: 0}
  m_TargetDisplay: 0
  m_TargetEye: 0
  m_HDR: 1
  m_AllowMSAA: 0
  m_AllowDynamicResolution: 0
  m_ForceIntoRT: 0
  m_OcclusionCulling: 0
  m_StereoConvergence: 10
  m_StereoSeparation: 0.022
--- !u!4 &519420032
Transform:
  m_ObjectHideFlags: 0
  m_CorrespondingSourceObject: {fileID: 0}
  m_PrefabInstance: {fileID: 0}
  m_PrefabAsset: {fileID: 0}
  m_GameObject: {fileID: 519420028}
  m_LocalRotation: {x: 0, y: 0, z: 0, w: 1}
  m_LocalPosition: {x: 0, y: 0, z: -10}
  m_LocalScale: {x: 1, y: 1, z: 1}
  m_Children: []
  m_Father: {fileID: 0}
  m_RootOrder: 0
  m_LocalEulerAnglesHint: {x: 0, y: 0, z: 0}
--- !u!212 &526849759 stripped
SpriteRenderer:
  m_CorrespondingSourceObject: {fileID: 5968099523341945645, guid: b4c77bd149ec9024d8fbd6f72a887a92,
    type: 3}
  m_PrefabInstance: {fileID: 3896481646444138587}
  m_PrefabAsset: {fileID: 0}
--- !u!1 &646182529
GameObject:
  m_ObjectHideFlags: 0
  m_CorrespondingSourceObject: {fileID: 0}
  m_PrefabInstance: {fileID: 0}
  m_PrefabAsset: {fileID: 0}
  serializedVersion: 6
  m_Component:
  - component: {fileID: 646182530}
  - component: {fileID: 646182531}
  - component: {fileID: 646182532}
  m_Layer: 8
  m_Name: Weapon
  m_TagString: Untagged
  m_Icon: {fileID: 0}
  m_NavMeshLayer: 0
  m_StaticEditorFlags: 0
  m_IsActive: 1
--- !u!4 &646182530
Transform:
  m_ObjectHideFlags: 0
  m_CorrespondingSourceObject: {fileID: 0}
  m_PrefabInstance: {fileID: 0}
  m_PrefabAsset: {fileID: 0}
  m_GameObject: {fileID: 646182529}
  m_LocalRotation: {x: 0, y: 0, z: 0, w: 1}
  m_LocalPosition: {x: 0, y: 0, z: 0}
  m_LocalScale: {x: 1, y: 1, z: 1}
  m_Children: []
  m_Father: {fileID: 7260338666316780132}
  m_RootOrder: 0
  m_LocalEulerAnglesHint: {x: 0, y: 0, z: 0}
--- !u!212 &646182531
SpriteRenderer:
  m_ObjectHideFlags: 0
  m_CorrespondingSourceObject: {fileID: 0}
  m_PrefabInstance: {fileID: 0}
  m_PrefabAsset: {fileID: 0}
  m_GameObject: {fileID: 646182529}
  m_Enabled: 1
  m_CastShadows: 0
  m_ReceiveShadows: 0
  m_DynamicOccludee: 1
  m_MotionVectors: 1
  m_LightProbeUsage: 1
  m_ReflectionProbeUsage: 1
  m_RayTracingMode: 0
  m_RenderingLayerMask: 1
  m_RendererPriority: 0
  m_Materials:
  - {fileID: 10754, guid: 0000000000000000f000000000000000, type: 0}
  m_StaticBatchInfo:
    firstSubMesh: 0
    subMeshCount: 0
  m_StaticBatchRoot: {fileID: 0}
  m_ProbeAnchor: {fileID: 0}
  m_LightProbeVolumeOverride: {fileID: 0}
  m_ScaleInLightmap: 1
  m_ReceiveGI: 1
  m_PreserveUVs: 0
  m_IgnoreNormalsForChartDetection: 0
  m_ImportantGI: 0
  m_StitchLightmapSeams: 1
  m_SelectedEditorRenderState: 0
  m_MinimumChartSize: 4
  m_AutoUVMaxDistance: 0.5
  m_AutoUVMaxAngle: 89
  m_LightmapParameters: {fileID: 0}
  m_SortingLayerID: 0
  m_SortingLayer: 0
  m_SortingOrder: 0
  m_Sprite: {fileID: 0}
  m_Color: {r: 1, g: 1, b: 1, a: 1}
  m_FlipX: 0
  m_FlipY: 0
  m_DrawMode: 0
  m_Size: {x: 1, y: 1}
  m_AdaptiveModeThreshold: 0.5
  m_SpriteTileMode: 0
  m_WasSpriteAssigned: 0
  m_MaskInteraction: 0
  m_SpriteSortPoint: 0
--- !u!50 &646182532
Rigidbody2D:
  serializedVersion: 4
  m_ObjectHideFlags: 0
  m_CorrespondingSourceObject: {fileID: 0}
  m_PrefabInstance: {fileID: 0}
  m_PrefabAsset: {fileID: 0}
  m_GameObject: {fileID: 646182529}
  m_BodyType: 0
  m_Simulated: 1
  m_UseFullKinematicContacts: 0
  m_UseAutoMass: 0
  m_Mass: 1
  m_LinearDrag: 0
  m_AngularDrag: 0.05
  m_GravityScale: 1
  m_Material: {fileID: 0}
  m_Interpolate: 0
  m_SleepingMode: 1
  m_CollisionDetection: 0
  m_Constraints: 0
--- !u!1 &678989067
GameObject:
  m_ObjectHideFlags: 0
  m_CorrespondingSourceObject: {fileID: 0}
  m_PrefabInstance: {fileID: 0}
  m_PrefabAsset: {fileID: 0}
  serializedVersion: 6
  m_Component:
  - component: {fileID: 678989069}
  - component: {fileID: 678989068}
  - component: {fileID: 678989070}
  m_Layer: 0
  m_Name: Bg1
  m_TagString: Untagged
  m_Icon: {fileID: 0}
  m_NavMeshLayer: 0
  m_StaticEditorFlags: 0
  m_IsActive: 1
--- !u!212 &678989068
SpriteRenderer:
  m_ObjectHideFlags: 0
  m_CorrespondingSourceObject: {fileID: 0}
  m_PrefabInstance: {fileID: 0}
  m_PrefabAsset: {fileID: 0}
  m_GameObject: {fileID: 678989067}
  m_Enabled: 1
  m_CastShadows: 0
  m_ReceiveShadows: 0
  m_DynamicOccludee: 1
  m_MotionVectors: 1
  m_LightProbeUsage: 1
  m_ReflectionProbeUsage: 1
  m_RayTracingMode: 0
  m_RenderingLayerMask: 1
  m_RendererPriority: 0
  m_Materials:
  - {fileID: 10754, guid: 0000000000000000f000000000000000, type: 0}
  m_StaticBatchInfo:
    firstSubMesh: 0
    subMeshCount: 0
  m_StaticBatchRoot: {fileID: 0}
  m_ProbeAnchor: {fileID: 0}
  m_LightProbeVolumeOverride: {fileID: 0}
  m_ScaleInLightmap: 1
  m_ReceiveGI: 1
  m_PreserveUVs: 0
  m_IgnoreNormalsForChartDetection: 0
  m_ImportantGI: 0
  m_StitchLightmapSeams: 1
  m_SelectedEditorRenderState: 0
  m_MinimumChartSize: 4
  m_AutoUVMaxDistance: 0.5
  m_AutoUVMaxAngle: 89
  m_LightmapParameters: {fileID: 0}
  m_SortingLayerID: 0
  m_SortingLayer: 0
  m_SortingOrder: -10
  m_Sprite: {fileID: 21300000, guid: 28e0129945e22064f9105f0425c23ed9, type: 3}
  m_Color: {r: 1, g: 1, b: 1, a: 1}
  m_FlipX: 0
  m_FlipY: 0
  m_DrawMode: 0
  m_Size: {x: 12.8, y: 7.2}
  m_AdaptiveModeThreshold: 0.5
  m_SpriteTileMode: 0
  m_WasSpriteAssigned: 1
  m_MaskInteraction: 0
  m_SpriteSortPoint: 0
--- !u!4 &678989069
Transform:
  m_ObjectHideFlags: 0
  m_CorrespondingSourceObject: {fileID: 0}
  m_PrefabInstance: {fileID: 0}
  m_PrefabAsset: {fileID: 0}
  m_GameObject: {fileID: 678989067}
  m_LocalRotation: {x: 0, y: 0, z: 0, w: 1}
  m_LocalPosition: {x: 0.629, y: 0.136, z: 0}
  m_LocalScale: {x: 8, y: 8, z: 1}
  m_Children: []
  m_Father: {fileID: 0}
  m_RootOrder: 6
  m_LocalEulerAnglesHint: {x: 0, y: 0, z: 0}
--- !u!50 &678989070
Rigidbody2D:
  serializedVersion: 4
  m_ObjectHideFlags: 0
  m_CorrespondingSourceObject: {fileID: 0}
  m_PrefabInstance: {fileID: 0}
  m_PrefabAsset: {fileID: 0}
  m_GameObject: {fileID: 678989067}
  m_BodyType: 2
  m_Simulated: 1
  m_UseFullKinematicContacts: 0
  m_UseAutoMass: 0
  m_Mass: 1
  m_LinearDrag: 0
  m_AngularDrag: 0.05
  m_GravityScale: 1
  m_Material: {fileID: 0}
  m_Interpolate: 0
  m_SleepingMode: 1
  m_CollisionDetection: 0
  m_Constraints: 0
--- !u!212 &708041432 stripped
SpriteRenderer:
  m_CorrespondingSourceObject: {fileID: 5968099523341944840, guid: b4c77bd149ec9024d8fbd6f72a887a92,
    type: 3}
  m_PrefabInstance: {fileID: 3896481646444138587}
  m_PrefabAsset: {fileID: 0}
--- !u!1 &715001662
GameObject:
  m_ObjectHideFlags: 0
  m_CorrespondingSourceObject: {fileID: 0}
  m_PrefabInstance: {fileID: 0}
  m_PrefabAsset: {fileID: 0}
  serializedVersion: 6
  m_Component:
  - component: {fileID: 715001664}
  - component: {fileID: 715001663}
  m_Layer: 0
  m_Name: Swood
  m_TagString: Untagged
  m_Icon: {fileID: 0}
  m_NavMeshLayer: 0
  m_StaticEditorFlags: 0
  m_IsActive: 1
--- !u!212 &715001663
SpriteRenderer:
  m_ObjectHideFlags: 0
  m_CorrespondingSourceObject: {fileID: 0}
  m_PrefabInstance: {fileID: 0}
  m_PrefabAsset: {fileID: 0}
  m_GameObject: {fileID: 715001662}
  m_Enabled: 1
  m_CastShadows: 0
  m_ReceiveShadows: 0
  m_DynamicOccludee: 1
  m_MotionVectors: 1
  m_LightProbeUsage: 1
  m_ReflectionProbeUsage: 1
  m_RayTracingMode: 0
  m_RenderingLayerMask: 1
  m_RendererPriority: 0
  m_Materials:
  - {fileID: 10754, guid: 0000000000000000f000000000000000, type: 0}
  m_StaticBatchInfo:
    firstSubMesh: 0
    subMeshCount: 0
  m_StaticBatchRoot: {fileID: 0}
  m_ProbeAnchor: {fileID: 0}
  m_LightProbeVolumeOverride: {fileID: 0}
  m_ScaleInLightmap: 1
  m_ReceiveGI: 1
  m_PreserveUVs: 0
  m_IgnoreNormalsForChartDetection: 0
  m_ImportantGI: 0
  m_StitchLightmapSeams: 1
  m_SelectedEditorRenderState: 0
  m_MinimumChartSize: 4
  m_AutoUVMaxDistance: 0.5
  m_AutoUVMaxAngle: 89
  m_LightmapParameters: {fileID: 0}
  m_SortingLayerID: 0
  m_SortingLayer: 0
  m_SortingOrder: 0
  m_Sprite: {fileID: 21300000, guid: 7511fef760c6a8e49ae6bcd6973a4e91, type: 3}
  m_Color: {r: 1, g: 1, b: 1, a: 1}
  m_FlipX: 0
  m_FlipY: 0
  m_DrawMode: 0
  m_Size: {x: 0.22, y: 1.44}
  m_AdaptiveModeThreshold: 0.5
  m_SpriteTileMode: 0
  m_WasSpriteAssigned: 1
  m_MaskInteraction: 0
  m_SpriteSortPoint: 0
--- !u!4 &715001664
Transform:
  m_ObjectHideFlags: 0
  m_CorrespondingSourceObject: {fileID: 0}
  m_PrefabInstance: {fileID: 0}
  m_PrefabAsset: {fileID: 0}
  m_GameObject: {fileID: 715001662}
  m_LocalRotation: {x: 0, y: 0, z: 0, w: 1}
  m_LocalPosition: {x: 0, y: 0, z: 0}
  m_LocalScale: {x: 1, y: 1, z: 1}
  m_Children: []
  m_Father: {fileID: 0}
  m_RootOrder: 8
  m_LocalEulerAnglesHint: {x: 0, y: 0, z: 0}
--- !u!212 &764426069 stripped
SpriteRenderer:
  m_CorrespondingSourceObject: {fileID: 5968099523341945838, guid: b4c77bd149ec9024d8fbd6f72a887a92,
    type: 3}
  m_PrefabInstance: {fileID: 3896481646444138587}
  m_PrefabAsset: {fileID: 0}
--- !u!212 &1023432310 stripped
SpriteRenderer:
  m_CorrespondingSourceObject: {fileID: 5968099523341945767, guid: b4c77bd149ec9024d8fbd6f72a887a92,
    type: 3}
  m_PrefabInstance: {fileID: 3896481646444138587}
  m_PrefabAsset: {fileID: 0}
--- !u!1 &1089139145 stripped
GameObject:
  m_CorrespondingSourceObject: {fileID: 5968099523341946135, guid: b4c77bd149ec9024d8fbd6f72a887a92,
    type: 3}
  m_PrefabInstance: {fileID: 3896481646444138587}
  m_PrefabAsset: {fileID: 0}
--- !u!1 &1144383188 stripped
GameObject:
  m_CorrespondingSourceObject: {fileID: 5968099523341946336, guid: b4c77bd149ec9024d8fbd6f72a887a92,
    type: 3}
  m_PrefabInstance: {fileID: 3896481646444138587}
  m_PrefabAsset: {fileID: 0}
--- !u!212 &1214956211 stripped
SpriteRenderer:
  m_CorrespondingSourceObject: {fileID: 5968099523341945719, guid: b4c77bd149ec9024d8fbd6f72a887a92,
    type: 3}
  m_PrefabInstance: {fileID: 3896481646444138587}
  m_PrefabAsset: {fileID: 0}
--- !u!212 &1271881918 stripped
SpriteRenderer:
  m_CorrespondingSourceObject: {fileID: 5968099523341945798, guid: b4c77bd149ec9024d8fbd6f72a887a92,
    type: 3}
  m_PrefabInstance: {fileID: 3896481646444138587}
  m_PrefabAsset: {fileID: 0}
--- !u!1 &1273684203
GameObject:
  m_ObjectHideFlags: 0
  m_CorrespondingSourceObject: {fileID: 0}
  m_PrefabInstance: {fileID: 0}
  m_PrefabAsset: {fileID: 0}
  serializedVersion: 6
  m_Component:
  - component: {fileID: 1273684204}
  m_Layer: 0
  m_Name: GameObject
  m_TagString: Untagged
  m_Icon: {fileID: 0}
  m_NavMeshLayer: 0
  m_StaticEditorFlags: 0
  m_IsActive: 1
--- !u!4 &1273684204
Transform:
  m_ObjectHideFlags: 0
  m_CorrespondingSourceObject: {fileID: 0}
  m_PrefabInstance: {fileID: 0}
  m_PrefabAsset: {fileID: 0}
  m_GameObject: {fileID: 1273684203}
  m_LocalRotation: {x: 0, y: 0, z: 0, w: 1}
  m_LocalPosition: {x: -1.2333013, y: 0.5493538, z: -8.04116}
  m_LocalScale: {x: 1, y: 1, z: 1}
  m_Children: []
  m_Father: {fileID: 0}
  m_RootOrder: 9
  m_LocalEulerAnglesHint: {x: 0, y: 0, z: 0}
--- !u!212 &1385449640 stripped
SpriteRenderer:
  m_CorrespondingSourceObject: {fileID: 5968099523341945759, guid: b4c77bd149ec9024d8fbd6f72a887a92,
    type: 3}
  m_PrefabInstance: {fileID: 3896481646444138587}
  m_PrefabAsset: {fileID: 0}
--- !u!1 &1519836502
GameObject:
  m_ObjectHideFlags: 0
  m_CorrespondingSourceObject: {fileID: 0}
  m_PrefabInstance: {fileID: 0}
  m_PrefabAsset: {fileID: 0}
  serializedVersion: 6
  m_Component:
  - component: {fileID: 1519836503}
  - component: {fileID: 1519836505}
  - component: {fileID: 1519836504}
  m_Layer: 5
  m_Name: Panel
  m_TagString: Untagged
  m_Icon: {fileID: 0}
  m_NavMeshLayer: 0
  m_StaticEditorFlags: 0
  m_IsActive: 1
--- !u!224 &1519836503
RectTransform:
  m_ObjectHideFlags: 0
  m_CorrespondingSourceObject: {fileID: 0}
  m_PrefabInstance: {fileID: 0}
  m_PrefabAsset: {fileID: 0}
  m_GameObject: {fileID: 1519836502}
  m_LocalRotation: {x: 0, y: 0, z: 0, w: 1}
  m_LocalPosition: {x: 0, y: 0, z: 0}
  m_LocalScale: {x: 1, y: 1, z: 1}
  m_Children:
  - {fileID: 1981996377}
  m_Father: {fileID: 2081414469}
  m_RootOrder: 0
  m_LocalEulerAnglesHint: {x: 0, y: 0, z: 0}
  m_AnchorMin: {x: 0, y: 0}
  m_AnchorMax: {x: 1, y: 1}
  m_AnchoredPosition: {x: 0, y: 0}
  m_SizeDelta: {x: 0, y: 0}
  m_Pivot: {x: 0.5, y: 0.5}
--- !u!114 &1519836504
MonoBehaviour:
  m_ObjectHideFlags: 0
  m_CorrespondingSourceObject: {fileID: 0}
  m_PrefabInstance: {fileID: 0}
  m_PrefabAsset: {fileID: 0}
  m_GameObject: {fileID: 1519836502}
  m_Enabled: 1
  m_EditorHideFlags: 0
  m_Script: {fileID: 11500000, guid: fe87c0e1cc204ed48ad3b37840f39efc, type: 3}
  m_Name: 
  m_EditorClassIdentifier: 
  m_Material: {fileID: 0}
  m_Color: {r: 1, g: 1, b: 1, a: 0}
  m_RaycastTarget: 1
  m_Maskable: 1
  m_OnCullStateChanged:
    m_PersistentCalls:
      m_Calls: []
  m_Sprite: {fileID: 10907, guid: 0000000000000000f000000000000000, type: 0}
  m_Type: 1
  m_PreserveAspect: 0
  m_FillCenter: 1
  m_FillMethod: 4
  m_FillAmount: 1
  m_FillClockwise: 1
  m_FillOrigin: 0
  m_UseSpriteMesh: 0
  m_PixelsPerUnitMultiplier: 1
--- !u!222 &1519836505
CanvasRenderer:
  m_ObjectHideFlags: 0
  m_CorrespondingSourceObject: {fileID: 0}
  m_PrefabInstance: {fileID: 0}
  m_PrefabAsset: {fileID: 0}
  m_GameObject: {fileID: 1519836502}
  m_CullTransparentMesh: 0
--- !u!212 &1532622219 stripped
SpriteRenderer:
  m_CorrespondingSourceObject: {fileID: 5968099523341944870, guid: b4c77bd149ec9024d8fbd6f72a887a92,
    type: 3}
  m_PrefabInstance: {fileID: 3896481646444138587}
  m_PrefabAsset: {fileID: 0}
--- !u!1 &1575137090
GameObject:
  m_ObjectHideFlags: 0
  m_CorrespondingSourceObject: {fileID: 0}
  m_PrefabInstance: {fileID: 0}
  m_PrefabAsset: {fileID: 0}
  serializedVersion: 6
  m_Component:
  - component: {fileID: 1575137093}
  - component: {fileID: 1575137092}
  - component: {fileID: 1575137091}
  m_Layer: 0
  m_Name: EventSystem
  m_TagString: Untagged
  m_Icon: {fileID: 0}
  m_NavMeshLayer: 0
  m_StaticEditorFlags: 0
  m_IsActive: 1
--- !u!114 &1575137091
MonoBehaviour:
  m_ObjectHideFlags: 0
  m_CorrespondingSourceObject: {fileID: 0}
  m_PrefabInstance: {fileID: 0}
  m_PrefabAsset: {fileID: 0}
  m_GameObject: {fileID: 1575137090}
  m_Enabled: 1
  m_EditorHideFlags: 0
  m_Script: {fileID: 11500000, guid: 4f231c4fb786f3946a6b90b886c48677, type: 3}
  m_Name: 
  m_EditorClassIdentifier: 
  m_HorizontalAxis: Horizontal
  m_VerticalAxis: Vertical
  m_SubmitButton: Submit
  m_CancelButton: Cancel
  m_InputActionsPerSecond: 10
  m_RepeatDelay: 0.5
  m_ForceModuleActive: 0
--- !u!114 &1575137092
MonoBehaviour:
  m_ObjectHideFlags: 0
  m_CorrespondingSourceObject: {fileID: 0}
  m_PrefabInstance: {fileID: 0}
  m_PrefabAsset: {fileID: 0}
  m_GameObject: {fileID: 1575137090}
  m_Enabled: 1
  m_EditorHideFlags: 0
  m_Script: {fileID: 11500000, guid: 76c392e42b5098c458856cdf6ecaaaa1, type: 3}
  m_Name: 
  m_EditorClassIdentifier: 
  m_FirstSelected: {fileID: 0}
  m_sendNavigationEvents: 1
  m_DragThreshold: 10
--- !u!4 &1575137093
Transform:
  m_ObjectHideFlags: 0
  m_CorrespondingSourceObject: {fileID: 0}
  m_PrefabInstance: {fileID: 0}
  m_PrefabAsset: {fileID: 0}
  m_GameObject: {fileID: 1575137090}
  m_LocalRotation: {x: 0, y: 0, z: 0, w: 1}
  m_LocalPosition: {x: 0, y: 0, z: 0}
  m_LocalScale: {x: 1, y: 1, z: 1}
  m_Children: []
  m_Father: {fileID: 0}
  m_RootOrder: 3
  m_LocalEulerAnglesHint: {x: 0, y: 0, z: 0}
--- !u!1001 &1981996376
PrefabInstance:
  m_ObjectHideFlags: 0
  serializedVersion: 2
  m_Modification:
    m_TransformParent: {fileID: 1519836503}
    m_Modifications:
    - target: {fileID: 144978, guid: 943b21e331e945146beb63726ff855df, type: 3}
      propertyPath: m_Name
      value: Joystick
      objectReference: {fileID: 0}
    - target: {fileID: 11421910, guid: 943b21e331e945146beb63726ff855df, type: 3}
      propertyPath: HideOnRelease
      value: 0
      objectReference: {fileID: 0}
    - target: {fileID: 11421910, guid: 943b21e331e945146beb63726ff855df, type: 3}
      propertyPath: MoveBase
      value: 0
      objectReference: {fileID: 0}
    - target: {fileID: 11421910, guid: 943b21e331e945146beb63726ff855df, type: 3}
      propertyPath: SnapsToFinger
      value: 0
      objectReference: {fileID: 0}
    - target: {fileID: 11421910, guid: 943b21e331e945146beb63726ff855df, type: 3}
      propertyPath: MovementRange
      value: 100
      objectReference: {fileID: 0}
    - target: {fileID: 22450750, guid: 943b21e331e945146beb63726ff855df, type: 3}
      propertyPath: m_LocalPosition.x
      value: 0
      objectReference: {fileID: 0}
    - target: {fileID: 22450750, guid: 943b21e331e945146beb63726ff855df, type: 3}
      propertyPath: m_LocalPosition.y
      value: 0
      objectReference: {fileID: 0}
    - target: {fileID: 22450750, guid: 943b21e331e945146beb63726ff855df, type: 3}
      propertyPath: m_LocalPosition.z
      value: 0
      objectReference: {fileID: 0}
    - target: {fileID: 22450750, guid: 943b21e331e945146beb63726ff855df, type: 3}
      propertyPath: m_LocalRotation.x
      value: -0
      objectReference: {fileID: 0}
    - target: {fileID: 22450750, guid: 943b21e331e945146beb63726ff855df, type: 3}
      propertyPath: m_LocalRotation.y
      value: -0
      objectReference: {fileID: 0}
    - target: {fileID: 22450750, guid: 943b21e331e945146beb63726ff855df, type: 3}
      propertyPath: m_LocalRotation.z
      value: -0
      objectReference: {fileID: 0}
    - target: {fileID: 22450750, guid: 943b21e331e945146beb63726ff855df, type: 3}
      propertyPath: m_LocalRotation.w
      value: 1
      objectReference: {fileID: 0}
    - target: {fileID: 22450750, guid: 943b21e331e945146beb63726ff855df, type: 3}
      propertyPath: m_RootOrder
      value: 0
      objectReference: {fileID: 0}
    - target: {fileID: 22450750, guid: 943b21e331e945146beb63726ff855df, type: 3}
      propertyPath: m_LocalEulerAnglesHint.x
      value: 0
      objectReference: {fileID: 0}
    - target: {fileID: 22450750, guid: 943b21e331e945146beb63726ff855df, type: 3}
      propertyPath: m_LocalEulerAnglesHint.y
      value: 0
      objectReference: {fileID: 0}
    - target: {fileID: 22450750, guid: 943b21e331e945146beb63726ff855df, type: 3}
      propertyPath: m_LocalEulerAnglesHint.z
      value: 0
      objectReference: {fileID: 0}
    - target: {fileID: 22450750, guid: 943b21e331e945146beb63726ff855df, type: 3}
      propertyPath: m_AnchoredPosition.x
      value: 292
      objectReference: {fileID: 0}
    - target: {fileID: 22450750, guid: 943b21e331e945146beb63726ff855df, type: 3}
      propertyPath: m_AnchoredPosition.y
      value: 135
      objectReference: {fileID: 0}
    - target: {fileID: 22450750, guid: 943b21e331e945146beb63726ff855df, type: 3}
      propertyPath: m_SizeDelta.x
      value: 250
      objectReference: {fileID: 0}
    - target: {fileID: 22450750, guid: 943b21e331e945146beb63726ff855df, type: 3}
      propertyPath: m_SizeDelta.y
      value: 243
      objectReference: {fileID: 0}
    - target: {fileID: 22450750, guid: 943b21e331e945146beb63726ff855df, type: 3}
      propertyPath: m_AnchorMin.x
      value: 0
      objectReference: {fileID: 0}
    - target: {fileID: 22450750, guid: 943b21e331e945146beb63726ff855df, type: 3}
      propertyPath: m_AnchorMin.y
      value: 0
      objectReference: {fileID: 0}
    - target: {fileID: 22450750, guid: 943b21e331e945146beb63726ff855df, type: 3}
      propertyPath: m_AnchorMax.x
      value: 0
      objectReference: {fileID: 0}
    - target: {fileID: 22450750, guid: 943b21e331e945146beb63726ff855df, type: 3}
      propertyPath: m_AnchorMax.y
      value: 0
      objectReference: {fileID: 0}
    - target: {fileID: 22450750, guid: 943b21e331e945146beb63726ff855df, type: 3}
      propertyPath: m_Pivot.x
      value: 0
      objectReference: {fileID: 0}
    - target: {fileID: 22450750, guid: 943b21e331e945146beb63726ff855df, type: 3}
      propertyPath: m_Pivot.y
      value: 0
      objectReference: {fileID: 0}
    - target: {fileID: 22483060, guid: 943b21e331e945146beb63726ff855df, type: 3}
      propertyPath: m_LocalScale.x
      value: 2
      objectReference: {fileID: 0}
    - target: {fileID: 22483060, guid: 943b21e331e945146beb63726ff855df, type: 3}
      propertyPath: m_LocalScale.y
      value: 2
      objectReference: {fileID: 0}
    - target: {fileID: 22483060, guid: 943b21e331e945146beb63726ff855df, type: 3}
      propertyPath: m_AnchoredPosition.y
      value: -6
      objectReference: {fileID: 0}
    - target: {fileID: 22483060, guid: 943b21e331e945146beb63726ff855df, type: 3}
      propertyPath: m_AnchoredPosition.x
      value: 0.000015258789
      objectReference: {fileID: 0}
    - target: {fileID: 22486632, guid: 943b21e331e945146beb63726ff855df, type: 3}
      propertyPath: m_LocalScale.x
      value: 2
      objectReference: {fileID: 0}
    - target: {fileID: 22486632, guid: 943b21e331e945146beb63726ff855df, type: 3}
      propertyPath: m_LocalScale.y
      value: 2
      objectReference: {fileID: 0}
    - target: {fileID: 22486632, guid: 943b21e331e945146beb63726ff855df, type: 3}
      propertyPath: m_AnchoredPosition.x
      value: 125
      objectReference: {fileID: 0}
    - target: {fileID: 22486632, guid: 943b21e331e945146beb63726ff855df, type: 3}
      propertyPath: m_AnchoredPosition.y
      value: 121.49999
      objectReference: {fileID: 0}
    m_RemovedComponents: []
  m_SourcePrefab: {fileID: 100100000, guid: 943b21e331e945146beb63726ff855df, type: 3}
--- !u!224 &1981996377 stripped
RectTransform:
  m_CorrespondingSourceObject: {fileID: 22450750, guid: 943b21e331e945146beb63726ff855df,
    type: 3}
  m_PrefabInstance: {fileID: 1981996376}
  m_PrefabAsset: {fileID: 0}
--- !u!212 &2076821624 stripped
SpriteRenderer:
  m_CorrespondingSourceObject: {fileID: 5968099523341944940, guid: b4c77bd149ec9024d8fbd6f72a887a92,
    type: 3}
  m_PrefabInstance: {fileID: 3896481646444138587}
  m_PrefabAsset: {fileID: 0}
--- !u!1 &2081414465
GameObject:
  m_ObjectHideFlags: 0
  m_CorrespondingSourceObject: {fileID: 0}
  m_PrefabInstance: {fileID: 0}
  m_PrefabAsset: {fileID: 0}
  serializedVersion: 6
  m_Component:
  - component: {fileID: 2081414469}
  - component: {fileID: 2081414468}
  - component: {fileID: 2081414467}
  - component: {fileID: 2081414466}
  m_Layer: 5
  m_Name: Canvas
  m_TagString: Untagged
  m_Icon: {fileID: 0}
  m_NavMeshLayer: 0
  m_StaticEditorFlags: 0
  m_IsActive: 1
--- !u!114 &2081414466
MonoBehaviour:
  m_ObjectHideFlags: 0
  m_CorrespondingSourceObject: {fileID: 0}
  m_PrefabInstance: {fileID: 0}
  m_PrefabAsset: {fileID: 0}
  m_GameObject: {fileID: 2081414465}
  m_Enabled: 1
  m_EditorHideFlags: 0
  m_Script: {fileID: 11500000, guid: dc42784cf147c0c48a680349fa168899, type: 3}
  m_Name: 
  m_EditorClassIdentifier: 
  m_IgnoreReversedGraphics: 1
  m_BlockingObjects: 0
  m_BlockingMask:
    serializedVersion: 2
    m_Bits: 4294967295
--- !u!114 &2081414467
MonoBehaviour:
  m_ObjectHideFlags: 0
  m_CorrespondingSourceObject: {fileID: 0}
  m_PrefabInstance: {fileID: 0}
  m_PrefabAsset: {fileID: 0}
  m_GameObject: {fileID: 2081414465}
  m_Enabled: 1
  m_EditorHideFlags: 0
  m_Script: {fileID: 11500000, guid: 0cd44c1031e13a943bb63640046fad76, type: 3}
  m_Name: 
  m_EditorClassIdentifier: 
  m_UiScaleMode: 1
  m_ReferencePixelsPerUnit: 100
  m_ScaleFactor: 1
  m_ReferenceResolution: {x: 800, y: 600}
  m_ScreenMatchMode: 0
  m_MatchWidthOrHeight: 0
  m_PhysicalUnit: 3
  m_FallbackScreenDPI: 96
  m_DefaultSpriteDPI: 96
  m_DynamicPixelsPerUnit: 1
--- !u!223 &2081414468
Canvas:
  m_ObjectHideFlags: 0
  m_CorrespondingSourceObject: {fileID: 0}
  m_PrefabInstance: {fileID: 0}
  m_PrefabAsset: {fileID: 0}
  m_GameObject: {fileID: 2081414465}
  m_Enabled: 1
  serializedVersion: 3
  m_RenderMode: 0
  m_Camera: {fileID: 0}
  m_PlaneDistance: 100
  m_PixelPerfect: 0
  m_ReceivesEvents: 1
  m_OverrideSorting: 0
  m_OverridePixelPerfect: 0
  m_SortingBucketNormalizedSize: 0
  m_AdditionalShaderChannelsFlag: 0
  m_SortingLayerID: 0
  m_SortingOrder: 0
  m_TargetDisplay: 0
--- !u!224 &2081414469
RectTransform:
  m_ObjectHideFlags: 0
  m_CorrespondingSourceObject: {fileID: 0}
  m_PrefabInstance: {fileID: 0}
  m_PrefabAsset: {fileID: 0}
  m_GameObject: {fileID: 2081414465}
  m_LocalRotation: {x: 0, y: 0, z: 0, w: 1}
  m_LocalPosition: {x: 0, y: 0, z: 0}
  m_LocalScale: {x: 0, y: 0, z: 0}
  m_Children:
  - {fileID: 1519836503}
  m_Father: {fileID: 0}
  m_RootOrder: 2
  m_LocalEulerAnglesHint: {x: 0, y: 0, z: 0}
  m_AnchorMin: {x: 0, y: 0}
  m_AnchorMax: {x: 0, y: 0}
  m_AnchoredPosition: {x: 0, y: 0}
  m_SizeDelta: {x: 0, y: 0}
  m_Pivot: {x: 0, y: 0}
--- !u!1001 &3896481646444138587
PrefabInstance:
  m_ObjectHideFlags: 0
  serializedVersion: 2
  m_Modification:
    m_TransformParent: {fileID: 0}
    m_Modifications:
    - target: {fileID: 5968099523341943580, guid: b4c77bd149ec9024d8fbd6f72a887a92,
        type: 3}
      propertyPath: m_IsActive
      value: 1
      objectReference: {fileID: 0}
    - target: {fileID: 5968099523341944840, guid: b4c77bd149ec9024d8fbd6f72a887a92,
        type: 3}
      propertyPath: m_SortingOrder
      value: 38
      objectReference: {fileID: 0}
    - target: {fileID: 5968099523341944870, guid: b4c77bd149ec9024d8fbd6f72a887a92,
        type: 3}
      propertyPath: m_SortingOrder
      value: 60
      objectReference: {fileID: 0}
    - target: {fileID: 5968099523341944940, guid: b4c77bd149ec9024d8fbd6f72a887a92,
        type: 3}
      propertyPath: m_SortingOrder
      value: 50
      objectReference: {fileID: 0}
    - target: {fileID: 5968099523341945084, guid: b4c77bd149ec9024d8fbd6f72a887a92,
        type: 3}
      propertyPath: m_SortingOrder
      value: 4
      objectReference: {fileID: 0}
    - target: {fileID: 5968099523341945158, guid: b4c77bd149ec9024d8fbd6f72a887a92,
        type: 3}
      propertyPath: m_Parameters.colorGradient.key1.r
      value: 0.49056602
      objectReference: {fileID: 0}
    - target: {fileID: 5968099523341945158, guid: b4c77bd149ec9024d8fbd6f72a887a92,
        type: 3}
      propertyPath: m_Parameters.colorGradient.key1.g
      value: 0.085617654
      objectReference: {fileID: 0}
    - target: {fileID: 5968099523341945158, guid: b4c77bd149ec9024d8fbd6f72a887a92,
        type: 3}
      propertyPath: m_Parameters.colorGradient.key2.r
      value: 0.7794875
      objectReference: {fileID: 0}
    - target: {fileID: 5968099523341945158, guid: b4c77bd149ec9024d8fbd6f72a887a92,
        type: 3}
      propertyPath: m_Parameters.colorGradient.key2.g
      value: 0.13830544
      objectReference: {fileID: 0}
    - target: {fileID: 5968099523341945158, guid: b4c77bd149ec9024d8fbd6f72a887a92,
        type: 3}
      propertyPath: m_Parameters.colorGradient.ctime1
      value: 16384
      objectReference: {fileID: 0}
    - target: {fileID: 5968099523341945158, guid: b4c77bd149ec9024d8fbd6f72a887a92,
        type: 3}
      propertyPath: m_Parameters.colorGradient.m_NumColorKeys
      value: 4
      objectReference: {fileID: 0}
    - target: {fileID: 5968099523341945158, guid: b4c77bd149ec9024d8fbd6f72a887a92,
        type: 3}
      propertyPath: m_Parameters.colorGradient.key1.b
      value: 0.09739158
      objectReference: {fileID: 0}
    - target: {fileID: 5968099523341945158, guid: b4c77bd149ec9024d8fbd6f72a887a92,
        type: 3}
      propertyPath: m_Enabled
      value: 1
      objectReference: {fileID: 0}
    - target: {fileID: 5968099523341945158, guid: b4c77bd149ec9024d8fbd6f72a887a92,
        type: 3}
      propertyPath: m_Parameters.colorGradient.key2.b
      value: 0.7924528
      objectReference: {fileID: 0}
    - target: {fileID: 5968099523341945158, guid: b4c77bd149ec9024d8fbd6f72a887a92,
        type: 3}
      propertyPath: m_Parameters.colorGradient.key3.r
      value: 0.5
      objectReference: {fileID: 0}
    - target: {fileID: 5968099523341945158, guid: b4c77bd149ec9024d8fbd6f72a887a92,
        type: 3}
      propertyPath: m_Parameters.colorGradient.key3.g
      value: 0.9558823
      objectReference: {fileID: 0}
    - target: {fileID: 5968099523341945158, guid: b4c77bd149ec9024d8fbd6f72a887a92,
        type: 3}
      propertyPath: m_Parameters.colorGradient.key3.b
      value: 1
      objectReference: {fileID: 0}
    - target: {fileID: 5968099523341945158, guid: b4c77bd149ec9024d8fbd6f72a887a92,
        type: 3}
      propertyPath: m_Parameters.colorGradient.ctime2
      value: 42020
      objectReference: {fileID: 0}
    - target: {fileID: 5968099523341945158, guid: b4c77bd149ec9024d8fbd6f72a887a92,
        type: 3}
      propertyPath: m_Parameters.colorGradient.ctime3
      value: 65535
      objectReference: {fileID: 0}
    - target: {fileID: 5968099523341945158, guid: b4c77bd149ec9024d8fbd6f72a887a92,
        type: 3}
      propertyPath: m_CastShadows
      value: 0
      objectReference: {fileID: 0}
    - target: {fileID: 5968099523341945327, guid: b4c77bd149ec9024d8fbd6f72a887a92,
        type: 3}
      propertyPath: m_Enabled
      value: 0
      objectReference: {fileID: 0}
    - target: {fileID: 5968099523341945499, guid: b4c77bd149ec9024d8fbd6f72a887a92,
        type: 3}
      propertyPath: m_SortingOrder
      value: 4
      objectReference: {fileID: 0}
    - target: {fileID: 5968099523341945515, guid: b4c77bd149ec9024d8fbd6f72a887a92,
        type: 3}
      propertyPath: m_SortingOrder
      value: 4
      objectReference: {fileID: 0}
    - target: {fileID: 5968099523341945516, guid: b4c77bd149ec9024d8fbd6f72a887a92,
        type: 3}
      propertyPath: m_SortingOrder
      value: 4
      objectReference: {fileID: 0}
    - target: {fileID: 5968099523341945645, guid: b4c77bd149ec9024d8fbd6f72a887a92,
        type: 3}
      propertyPath: m_SortingOrder
      value: 60
      objectReference: {fileID: 0}
    - target: {fileID: 5968099523341945719, guid: b4c77bd149ec9024d8fbd6f72a887a92,
        type: 3}
      propertyPath: m_SortingOrder
      value: 61
      objectReference: {fileID: 0}
    - target: {fileID: 5968099523341945759, guid: b4c77bd149ec9024d8fbd6f72a887a92,
        type: 3}
      propertyPath: m_SortingOrder
      value: 39
      objectReference: {fileID: 0}
    - target: {fileID: 5968099523341945767, guid: b4c77bd149ec9024d8fbd6f72a887a92,
        type: 3}
      propertyPath: m_SortingOrder
      value: 61
      objectReference: {fileID: 0}
    - target: {fileID: 5968099523341945798, guid: b4c77bd149ec9024d8fbd6f72a887a92,
        type: 3}
      propertyPath: m_SortingOrder
      value: 39
      objectReference: {fileID: 0}
    - target: {fileID: 5968099523341945809, guid: b4c77bd149ec9024d8fbd6f72a887a92,
        type: 3}
      propertyPath: m_SortingOrder
      value: 50
      objectReference: {fileID: 0}
    - target: {fileID: 5968099523341945838, guid: b4c77bd149ec9024d8fbd6f72a887a92,
        type: 3}
      propertyPath: m_SortingOrder
      value: 38
      objectReference: {fileID: 0}
    - target: {fileID: 5968099523341946267, guid: b4c77bd149ec9024d8fbd6f72a887a92,
        type: 3}
      propertyPath: m_Name
      value: Player
      objectReference: {fileID: 0}
    - target: {fileID: 5968099523341946828, guid: b4c77bd149ec9024d8fbd6f72a887a92,
        type: 3}
      propertyPath: m_LocalPosition.x
      value: 0.88
      objectReference: {fileID: 0}
    - target: {fileID: 5968099523341946828, guid: b4c77bd149ec9024d8fbd6f72a887a92,
        type: 3}
      propertyPath: m_LocalPosition.y
      value: -0.44487852
      objectReference: {fileID: 0}
    - target: {fileID: 5968099523341946828, guid: b4c77bd149ec9024d8fbd6f72a887a92,
        type: 3}
      propertyPath: m_LocalPosition.z
      value: 0
      objectReference: {fileID: 0}
    - target: {fileID: 5968099523341946828, guid: b4c77bd149ec9024d8fbd6f72a887a92,
        type: 3}
      propertyPath: m_LocalRotation.x
      value: 0
      objectReference: {fileID: 0}
    - target: {fileID: 5968099523341946828, guid: b4c77bd149ec9024d8fbd6f72a887a92,
        type: 3}
      propertyPath: m_LocalRotation.y
      value: 0
      objectReference: {fileID: 0}
    - target: {fileID: 5968099523341946828, guid: b4c77bd149ec9024d8fbd6f72a887a92,
        type: 3}
      propertyPath: m_LocalRotation.z
      value: 0
      objectReference: {fileID: 0}
    - target: {fileID: 5968099523341946828, guid: b4c77bd149ec9024d8fbd6f72a887a92,
        type: 3}
      propertyPath: m_LocalRotation.w
      value: 1
      objectReference: {fileID: 0}
    - target: {fileID: 5968099523341946828, guid: b4c77bd149ec9024d8fbd6f72a887a92,
        type: 3}
      propertyPath: m_RootOrder
      value: 1
      objectReference: {fileID: 0}
    - target: {fileID: 5968099523341946828, guid: b4c77bd149ec9024d8fbd6f72a887a92,
        type: 3}
      propertyPath: m_LocalEulerAnglesHint.x
      value: 0
      objectReference: {fileID: 0}
    - target: {fileID: 5968099523341946828, guid: b4c77bd149ec9024d8fbd6f72a887a92,
        type: 3}
      propertyPath: m_LocalEulerAnglesHint.y
      value: 0
      objectReference: {fileID: 0}
    - target: {fileID: 5968099523341946828, guid: b4c77bd149ec9024d8fbd6f72a887a92,
        type: 3}
      propertyPath: m_LocalEulerAnglesHint.z
      value: 0
      objectReference: {fileID: 0}
    - target: {fileID: 7260338666316783041, guid: b4c77bd149ec9024d8fbd6f72a887a92,
        type: 3}
      propertyPath: playerSkin.head
      value: 
      objectReference: {fileID: 120834811}
    - target: {fileID: 7260338666316783041, guid: b4c77bd149ec9024d8fbd6f72a887a92,
        type: 3}
      propertyPath: playerSkin.body_Lower
      value: 
      objectReference: {fileID: 2076821624}
    - target: {fileID: 7260338666316783041, guid: b4c77bd149ec9024d8fbd6f72a887a92,
        type: 3}
      propertyPath: playerSkin.body_Up
      value: 
      objectReference: {fileID: 434294026}
    - target: {fileID: 7260338666316783041, guid: b4c77bd149ec9024d8fbd6f72a887a92,
        type: 3}
      propertyPath: playerSkin.arm_Left_Upper
      value: 
      objectReference: {fileID: 708041432}
    - target: {fileID: 7260338666316783041, guid: b4c77bd149ec9024d8fbd6f72a887a92,
        type: 3}
      propertyPath: playerSkin.arm_Right_Upper
      value: 
      objectReference: {fileID: 1023432310}
    - target: {fileID: 7260338666316783041, guid: b4c77bd149ec9024d8fbd6f72a887a92,
        type: 3}
      propertyPath: playerSkin.arm_Left_Lower
      value: 
      objectReference: {fileID: 764426069}
    - target: {fileID: 7260338666316783041, guid: b4c77bd149ec9024d8fbd6f72a887a92,
        type: 3}
      propertyPath: playerSkin.arm_Right_Lower
      value: 
      objectReference: {fileID: 1214956211}
    - target: {fileID: 7260338666316783041, guid: b4c77bd149ec9024d8fbd6f72a887a92,
        type: 3}
      propertyPath: playerSkin.Leg_Left_Upper
      value: 
      objectReference: {fileID: 1385449640}
    - target: {fileID: 7260338666316783041, guid: b4c77bd149ec9024d8fbd6f72a887a92,
        type: 3}
      propertyPath: playerSkin.Leg_Left_Lower
      value: 
      objectReference: {fileID: 1271881918}
    - target: {fileID: 7260338666316783041, guid: b4c77bd149ec9024d8fbd6f72a887a92,
        type: 3}
      propertyPath: playerSkin.Leg_Right_Upper
      value: 
      objectReference: {fileID: 1532622219}
    - target: {fileID: 7260338666316783041, guid: b4c77bd149ec9024d8fbd6f72a887a92,
        type: 3}
      propertyPath: playerSkin.Leg_Right_Lower
      value: 
      objectReference: {fileID: 526849759}
    - target: {fileID: 7260338666316783041, guid: b4c77bd149ec9024d8fbd6f72a887a92,
        type: 3}
      propertyPath: isSkin
      value: 1
      objectReference: {fileID: 0}
    - target: {fileID: 7260338666316783041, guid: b4c77bd149ec9024d8fbd6f72a887a92,
        type: 3}
      propertyPath: playerSkinRender.head
      value: 
      objectReference: {fileID: 120834811}
    - target: {fileID: 7260338666316783041, guid: b4c77bd149ec9024d8fbd6f72a887a92,
        type: 3}
      propertyPath: playerSkinRender.body_Up
      value: 
      objectReference: {fileID: 434294026}
    - target: {fileID: 7260338666316783041, guid: b4c77bd149ec9024d8fbd6f72a887a92,
        type: 3}
      propertyPath: playerSkinRender.body_Lower
      value: 
      objectReference: {fileID: 2076821624}
    - target: {fileID: 7260338666316783041, guid: b4c77bd149ec9024d8fbd6f72a887a92,
        type: 3}
      propertyPath: playerSkinRender.Leg_Left_Upper
      value: 
      objectReference: {fileID: 1385449640}
    - target: {fileID: 7260338666316783041, guid: b4c77bd149ec9024d8fbd6f72a887a92,
        type: 3}
      propertyPath: playerSkinRender.Leg_Right_Upper
      value: 
      objectReference: {fileID: 1532622219}
    - target: {fileID: 7260338666316783041, guid: b4c77bd149ec9024d8fbd6f72a887a92,
        type: 3}
      propertyPath: playerSkinRender.Leg_Left_Lower
      value: 
      objectReference: {fileID: 1271881918}
    - target: {fileID: 7260338666316783041, guid: b4c77bd149ec9024d8fbd6f72a887a92,
        type: 3}
      propertyPath: playerSkinRender.Leg_Right_Lower
      value: 
      objectReference: {fileID: 526849759}
    - target: {fileID: 7260338666316783041, guid: b4c77bd149ec9024d8fbd6f72a887a92,
        type: 3}
      propertyPath: playerSkinRender.arm_Right_Upper
      value: 
      objectReference: {fileID: 1023432310}
    - target: {fileID: 7260338666316783041, guid: b4c77bd149ec9024d8fbd6f72a887a92,
        type: 3}
      propertyPath: playerSkinRender.arm_Left_Upper
      value: 
      objectReference: {fileID: 708041432}
    - target: {fileID: 7260338666316783041, guid: b4c77bd149ec9024d8fbd6f72a887a92,
        type: 3}
      propertyPath: playerSkinRender.arm_Right_Lower
      value: 
      objectReference: {fileID: 1214956211}
    - target: {fileID: 7260338666316783041, guid: b4c77bd149ec9024d8fbd6f72a887a92,
        type: 3}
      propertyPath: playerSkinRender.arm_Left_Lower
      value: 
      objectReference: {fileID: 764426069}
    - target: {fileID: 7260338666316783041, guid: b4c77bd149ec9024d8fbd6f72a887a92,
        type: 3}
      propertyPath: indexSkin
      value: 3
      objectReference: {fileID: 0}
    - target: {fileID: 8651959873898095781, guid: b4c77bd149ec9024d8fbd6f72a887a92,
        type: 3}
      propertyPath: m_SortingOrder
      value: 50
      objectReference: {fileID: 0}
    m_RemovedComponents:
    - {fileID: 5968099523341945327, guid: b4c77bd149ec9024d8fbd6f72a887a92, type: 3}
    - {fileID: 3820859899982452341, guid: b4c77bd149ec9024d8fbd6f72a887a92, type: 3}
  m_SourcePrefab: {fileID: 100100000, guid: b4c77bd149ec9024d8fbd6f72a887a92, type: 3}
--- !u!4 &7260338666316780132 stripped
Transform:
  m_CorrespondingSourceObject: {fileID: 5968099523341945970, guid: b4c77bd149ec9024d8fbd6f72a887a92,
    type: 3}
  m_PrefabInstance: {fileID: 3896481646444138587}
  m_PrefabAsset: {fileID: 0}
